<?xml version="1.0" encoding="UTF-8"?><collection xmlns="http://www.loc.gov/MARC21/slim"><record><leader>00493nam--2200145-i-4500</leader><controlfield tag="001">000022773</controlfield><controlfield tag="002">20161230</controlfield><controlfield tag="005">20161230201034</controlfield><controlfield tag="008">060222s1000------------r-----000-0-eng-d</controlfield><datafield ind1=" " ind2=" " tag="080"><subfield code="a">66.048</subfield></datafield><datafield ind1=" " ind2=" " tag="100"><subfield code="a">Holland, Charles D</subfield></datafield><datafield ind1=" " ind2=" " tag="245"><subfield code="a">Unsteady state processes with applications in multicomponent distillation</subfield></datafield><datafield ind1=" " ind2=" " tag="260"><subfield code="a">Englewood Cliffs, Prentice-hall Inc., 1966, Xiii + 369p</subfield></datafield><datafield ind1=" " ind2=" " tag="490"><subfield code="a">Prenticce-hall International Series In The Physical And Chemical Engineering Sciences</subfield></datafield><datafield ind1=" " ind2=" " tag="852"><subfield code="a">29140</subfield></datafield></record></collection>